<?xml version="1.0" encoding="UTF-8"?><collection xmlns="http://www.loc.gov/MARC21/slim"><record><leader>00369nam--2200133-i-4500</leader><controlfield tag="001">000031672</controlfield><controlfield tag="002">20161230</controlfield><controlfield tag="005">20161230201038</controlfield><controlfield tag="008">060222s1000------------r-----000-0-eng-d</controlfield><datafield ind1=" " ind2=" " tag="080"><subfield code="a">530.14:621.3</subfield></datafield><datafield ind1=" " ind2=" " tag="100"><subfield code="a">Lindsay, P.A</subfield></datafield><datafield ind1=" " ind2=" " tag="245"><subfield code="a">Introduction to quantum mechanics for electrical engineers</subfield></datafield><datafield ind1=" " ind2=" " tag="260"><subfield code="a">London, Mcgraw-hill Publ.Comp.Ltd.,1967. Xi+240p</subfield></datafield><datafield ind1=" " ind2=" " tag="852"><subfield code="a">27443</subfield></datafield></record></collection>